
@book{Bruegge2004,
  author    = {Bernd Br{\"u}gge and
               Allen H. Dutoit},
  title     = {Object-oriented software engineering - using UML, patterns and Java (2nd ed.)},
  publisher = {Prentice Hall},
  year      = {2004},
  isbn      = {978-0-13-191179-6}
}
